%%%%%%%%%%%%%%%%%%%%%% A %%%%%%%%%%%%%%%%%%%%%%

@article {Adams-Taibi,
    AUTHOR = {Adams, Jeffrey and Ta\"{\i}bi, Olivier},
     TITLE = {Galois and {C}artan cohomology of real groups},
   JOURNAL = {Duke Math. J.},
  FJOURNAL = {Duke Mathematical Journal},
    VOLUME = {167},
      YEAR = {2018},
    NUMBER = {6},
     PAGES = {1057--1097},
      ISSN = {0012-7094},
   MRCLASS = {11E72 (20G10)},
  MRNUMBER = {3786301},
MRREVIEWER = {Vladimir L. Popov},
       DOI = {10.1215/00127094-2017-0052},
       URL = {https://doi.org/10.1215/00127094-2017-0052},
}

@book {Ash-Mumford-Rapoport-Tai,
    AUTHOR = {Ash, A. and Mumford, D. and Rapoport, M. and Tai, Y.},
     TITLE = {Smooth compactification of locally symmetric varieties},
      NOTE = {Lie Groups: History, Frontiers and Applications, Vol. IV},
 PUBLISHER = {Math. Sci. Press, Brookline, Mass.},
      YEAR = {1975},
     PAGES = {iv+335},
   MRCLASS = {14D20 (32N10 32M15)},
  MRNUMBER = {0457437},
MRREVIEWER = {Ichiro Satake},
}

@inproceedings {Atiyah-Wall,
    AUTHOR = {Atiyah, M. F. and Wall, C. T. C.},
     TITLE = {Cohomology of groups},
 BOOKTITLE = {Algebraic {N}umber {T}heory ({P}roc. {I}nstructional {C}onf.,
              {B}righton, 1965)},
     PAGES = {94--115},
 PUBLISHER = {Thompson, Washington, D.C.},
      YEAR = {1967},
   MRCLASS = {10.68 (18.00)},
  MRNUMBER = {0219512},
MRREVIEWER = {A. P. Ogg},
}

@article {Bernstein-Plancherel,
    AUTHOR = {Bernstein, Joseph N.},
     TITLE = {On the support of {P}lancherel measure},
   JOURNAL = {J. Geom. Phys.},
  FJOURNAL = {Journal of Geometry and Physics},
    VOLUME = {5},
      YEAR = {1988},
    NUMBER = {4},
     PAGES = {663--710 (1989)},
      ISSN = {0393-0440},
       DOI = {10.1016/0393-0440(88)90024-1},
       URL = {https://doi.org/10.1016/0393-0440(88)90024-1},
}

@article {Bernstein-Kroetz,
    AUTHOR = {Bernstein, Joseph and Kr\"{o}tz, Bernhard},
     TITLE = {Smooth {F}r\'{e}chet globalizations of {H}arish-{C}handra modules},
   JOURNAL = {Israel J. Math.},
  FJOURNAL = {Israel Journal of Mathematics},
    VOLUME = {199},
      YEAR = {2014},
    NUMBER = {1},
     PAGES = {45--111},
      ISSN = {0021-2172},
       DOI = {10.1007/s11856-013-0056-1},
       URL = {https://doi.org/10.1007/s11856-013-0056-1},
}

@book {Borel-LAG,
    AUTHOR = {Borel, Armand},
     TITLE = {Linear algebraic groups},
    SERIES = {Graduate Texts in Mathematics},
    VOLUME = {126},
   EDITION = {Second},
 PUBLISHER = {Springer-Verlag, New York},
      YEAR = {1991},
     PAGES = {xii+288},
      ISBN = {0-387-97370-2},
   MRCLASS = {20-01 (20Gxx)},
  MRNUMBER = {1102012},
MRREVIEWER = {F. D. Veldkamp},
       DOI = {10.1007/978-1-4612-0941-6},
       URL = {https://doi.org/10.1007/978-1-4612-0941-6},
}

@article {Borel-HC,
    AUTHOR = {Borel, Armand and Harish-Chandra},
     TITLE = {Arithmetic subgroups of algebraic groups},
   JOURNAL = {Ann. of Math. (2)},
  FJOURNAL = {Annals of Mathematics. Second Series},
    VOLUME = {75},
      YEAR = {1962},
     PAGES = {485--535},
      ISSN = {0003-486X},
   MRCLASS = {20.65 (14.50)},
  MRNUMBER = {147566},
MRREVIEWER = {P. Cartier},
       DOI = {10.2307/1970210},
       URL = {https://doi.org/10.2307/1970210},
}

@incollection {Borel-Ji,
    AUTHOR = {Borel, Armand and Ji, Lizhen},
     TITLE = {Compactifications of symmetric and locally symmetric spaces},
 BOOKTITLE = {Lie theory},
    SERIES = {Progr. Math.},
    VOLUME = {229},
     PAGES = {69--137},
 PUBLISHER = {Birkh\"{a}user Boston, Boston, MA},
      YEAR = {2005},
   MRCLASS = {22E46 (53C35)},
  MRNUMBER = {2126641},
MRREVIEWER = {Takeshi Kawazoe},
       DOI = {10.1007/0-8176-4430-X_2},
       URL = {https://doi.org/10.1007/0-8176-4430-X_2},
}

@book {Bourbaki-Lie,
    AUTHOR = {Bourbaki, Nicolas},
     TITLE = {Lie groups and {L}ie algebras.},
    SERIES = {Elements of Mathematics (Berlin)},
 PUBLISHER = {Springer-Verlag, Berlin},
      YEAR = {2005},
}


@book {Neron,
    AUTHOR = {Bosch, Siegfried and L\"{u}tkebohmert, Werner and Raynaud, Michel},
     TITLE = {N\'{e}ron models},
    SERIES = {Ergebnisse der Mathematik und ihrer Grenzgebiete (3) [Results
              in Mathematics and Related Areas (3)]},
    VOLUME = {21},
 PUBLISHER = {Springer-Verlag, Berlin},
      YEAR = {1990},
     PAGES = {x+325},
      ISBN = {3-540-50587-3},
   MRCLASS = {14K15 (11G10 14L15)},
  MRNUMBER = {1045822},
MRREVIEWER = {James Milne},
       DOI = {10.1007/978-3-642-51438-8},
       URL = {https://doi.org/10.1007/978-3-642-51438-8},
}

@article {Braverman-Gaitsgory-PBW,
    AUTHOR = {Braverman, Alexander and Gaitsgory, Dennis},
     TITLE = {Poincar\'{e}-{B}irkhoff-{W}itt theorem for quadratic algebras of
              {K}oszul type},
   JOURNAL = {J. Algebra},
  FJOURNAL = {Journal of Algebra},
    VOLUME = {181},
      YEAR = {1996},
    NUMBER = {2},
     PAGES = {315--328},
      ISSN = {0021-8693},
   MRCLASS = {16E40 (16S80)},
  MRNUMBER = {1383469},
MRREVIEWER = {Alexander E. Polishchuk},
       DOI = {10.1006/jabr.1996.0122},
       URL = {https://doi.org/10.1006/jabr.1996.0122},
}


@article {Brion-Szamuely,
    AUTHOR = {Brion, Michel and Szamuely, Tam\'{a}s},
     TITLE = {Prime-to-{$p$} \'{e}tale covers of algebraic groups and
              homogeneous spaces},
   JOURNAL = {Bull. Lond. Math. Soc.},
  FJOURNAL = {Bulletin of the London Mathematical Society},
    VOLUME = {45},
      YEAR = {2013},
    NUMBER = {3},
     PAGES = {602--612},
      ISSN = {0024-6093},
   MRCLASS = {14M17 (14E20 14F35 14L10)},
  MRNUMBER = {3065029},
MRREVIEWER = {Ada Boralevi},
       DOI = {10.1112/blms/bds110},
       URL = {https://doi.org/10.1112/blms/bds110},
}

@book {Bump,
    AUTHOR = {Bump, Daniel},
     TITLE = {Automorphic forms and representations},
    SERIES = {Cambridge Studies in Advanced Mathematics},
    VOLUME = {55},
 PUBLISHER = {Cambridge University Press, Cambridge},
      YEAR = {1997},
     PAGES = {xiv+574},
      ISBN = {0-521-55098-X},
   MRCLASS = {11F70 (11F41 11R39 22E50 22E55)},
  MRNUMBER = {1431508},
MRREVIEWER = {Solomon Friedberg},
       DOI = {10.1017/CBO9780511609572},
       URL = {https://doi.org/10.1017/CBO9780511609572},
}


@incollection {Buzzard-Gee,
    AUTHOR = {Buzzard, Kevin and Gee, Toby},
     TITLE = {The conjectural connections between automorphic
              representations and {G}alois representations},
 BOOKTITLE = {Automorphic forms and {G}alois representations. {V}ol. 1},
    SERIES = {London Math. Soc. Lecture Note Ser.},
    VOLUME = {414},
     PAGES = {135--187},
 PUBLISHER = {Cambridge Univ. Press, Cambridge},
      YEAR = {2014},
   MRCLASS = {11F33},
  MRNUMBER = {3444225},
MRREVIEWER = {Jeremy A. Rouse},
       DOI = {10.1017/CBO9781107446335.006},
       URL = {https://doi.org/10.1017/CBO9781107446335.006},
}

@inproceedings {Cartier-Corvallis,
    AUTHOR = {Cartier, P.},
     TITLE = {Representations of {$p$}-adic groups: a survey},
 BOOKTITLE = {Automorphic forms, representations and {$L$}-functions
              ({P}roc. {S}ympos. {P}ure {M}ath., {O}regon {S}tate {U}niv.,
              {C}orvallis, {O}re., 1977), {P}art 1},
    SERIES = {Proc. Sympos. Pure Math., XXXIII},
     PAGES = {111--155},
 PUBLISHER = {Amer. Math. Soc., Providence, R.I.},
      YEAR = {1979},
   MRCLASS = {22E50},
  MRNUMBER = {546593},
MRREVIEWER = {Allan J. Silberger},
}

@article {Casselman-canonicalextensions,
    AUTHOR = {Casselman, W.},
     TITLE = {Canonical extensions of {H}arish-{C}handra modules to
              representations of {$G$}},
   JOURNAL = {Canad. J. Math.},
  FJOURNAL = {Canadian Journal of Mathematics. Journal Canadien de
              Math\'{e}matiques},
    VOLUME = {41},
      YEAR = {1989},
    NUMBER = {3},
     PAGES = {385--438},
      ISSN = {0008-414X},
   MRCLASS = {22E46},
  MRNUMBER = {1013462},
MRREVIEWER = {Stephen Slebarski},
       DOI = {10.4153/CJM-1989-019-5},
       URL = {https://doi.org/10.4153/CJM-1989-019-5},
}

@inproceedings{Casselman-Dixmier-Malliavin,
  title={Essays on representations of real groups: The theorem of Dixmier-Malliavin},
  author={Bill Casselman},
  year={2011}
}

@online{Conrad-AG1,
    AUTHOR = {Conrad, Brian},
     TITLE = {Linear Algebraic Groups {I}},
   NOTE = {Course website},
       URL = {http://virtualmath1.stanford.edu/\%7Econrad/252Page/},
}

@online{Conrad-AG2,
    AUTHOR = {Conrad, Brian},
     TITLE = {Linear Algebraic Groups {II}},
   NOTE = {Course website},
       URL = {http://virtualmath1.stanford.edu/\%7Econrad/249BW16Page/},
}

@incollection {Conrad-RGS,
    AUTHOR = {Conrad, Brian},
     TITLE = {Reductive group schemes},
 BOOKTITLE = {Autour des sch\'{e}mas en groupes. {V}ol. {I}},
    SERIES = {Panor. Synth\`eses},
    VOLUME = {42/43},
     PAGES = {93--444},
 PUBLISHER = {Soc. Math. France, Paris},
      YEAR = {2014},
   MRCLASS = {14L15},
  MRNUMBER = {3362641},
}

@article {Conrad-Weil,
    AUTHOR = {Conrad, Brian},
     TITLE = {Weil and {G}rothendieck approaches to adelic points},
   JOURNAL = {Enseign. Math. (2)},
  FJOURNAL = {L'Enseignement Math\'{e}matique. Revue Internationale. 2e S\'{e}rie},
    VOLUME = {58},
      YEAR = {2012},
    NUMBER = {1-2},
     PAGES = {61--97},
      ISSN = {0013-8584},
   MRCLASS = {14-02 (01A60 01A70 14-03 14G25)},
  MRNUMBER = {2985010},
MRREVIEWER = {J\"{o}rg Jahnel},
       DOI = {10.4171/LEM/58-1-3},
       URL = {https://doi.org/10.4171/LEM/58-1-3},
}

@book {Day,
    AUTHOR = {Day, Mahlon M.},
     TITLE = {Normed linear spaces},
   EDITION = {Third},
      NOTE = {Ergebnisse der Mathematik und ihrer Grenzgebiete, Band 21},
 PUBLISHER = {Springer-Verlag, New York-Heidelberg},
      YEAR = {1973},
     PAGES = {viii+211},
   MRCLASS = {46BXX},
  MRNUMBER = {0344849},
}

@book {SGA3,
    AUTHOR = {Demazure, M. and Grothendieckand, A.},
     TITLE = {Sch\'emas en groupes I, II, III},
    SERIES = {Lecture Notes in Math},
    VOLUME = {151, 152, 153},
 PUBLISHER = {Springer-Verlag, New York},
      YEAR = {1970},
}


@inproceedings {Deligne-formes-modulaires,
    AUTHOR = {Deligne, P.},
     TITLE = {Formes modulaires et repr\'{e}sentations de {${\rm GL}(2)$}},
 BOOKTITLE = {Modular functions of one variable, {II} ({P}roc. {I}nternat.
              {S}ummer {S}chool, {U}niv. {A}ntwerp, {A}ntwerp, 1972)},
     PAGES = {55--105. Lecture Notes in Math., Vol. 349},
      YEAR = {1973},
   MRCLASS = {10D15 (22E50 22E55)},
  MRNUMBER = {0347738},
MRREVIEWER = {Roger E. Howe},
}

@inproceedings {Deligne-Shimura,
    AUTHOR = {Deligne, Pierre},
     TITLE = {Vari\'{e}t\'{e}s de {S}himura: interpr\'{e}tation modulaire, et techniques
              de construction de mod\`eles canoniques},
 BOOKTITLE = {Automorphic forms, representations and {$L$}-functions
              ({P}roc. {S}ympos. {P}ure {M}ath., {O}regon {S}tate {U}niv.,
              {C}orvallis, {O}re., 1977), {P}art 2},
    SERIES = {Proc. Sympos. Pure Math., XXXIII},
     PAGES = {247--289},
 PUBLISHER = {Amer. Math. Soc., Providence, R.I.},
      YEAR = {1979},
   MRCLASS = {10D20 (14D20 14G25 14K15)},
  MRNUMBER = {546620},
MRREVIEWER = {J. S. Milne},
}

@article {Delorme-Plancherel-padic,
    AUTHOR = {Delorme, Patrick},
     TITLE = {Neighborhoods at infinity and the {P}lancherel formula for a
              reductive {$p$}-adic symmetric space},
   JOURNAL = {Math. Ann.},
  FJOURNAL = {Mathematische Annalen},
    VOLUME = {370},
      YEAR = {2018},
    NUMBER = {3-4},
     PAGES = {1177--1229},
      ISSN = {0025-5831},
   MRCLASS = {22E40},
  MRNUMBER = {3770165},
MRREVIEWER = {Jean Raimbault},
       DOI = {10.1007/s00208-017-1554-y},
       URL = {https://doi.org/10.1007/s00208-017-1554-y},
}

@unpublished {Delorme-Kroetz-Souaifi,
    AUTHOR = {Delorme, P. and Kr\"otz, B. and Souaifi, S.},
    TITLE  = {The constant term of tempered functions on a real
spherical space},
    NOTE   = {Preprint},
    YEAR   = {2019},
    URL    = {https://arxiv.org/abs/1702.04678v4},
}

@book {Dixmier-Cstar,
    AUTHOR = {Dixmier, Jacques},
     TITLE = {{$C^*$}-algebras},
      NOTE = {Translated from the French by Francis Jellett,
              North-Holland Mathematical Library, Vol. 15},
 PUBLISHER = {North-Holland Publishing Co., Amsterdam-New York-Oxford},
      YEAR = {1977},
     PAGES = {xiii+492},
      ISBN = {0-7204-0762-1},
   MRCLASS = {46L05},
  MRNUMBER = {0458185},
}

@article {Dixmier-Malliavin,
    AUTHOR = {Dixmier, Jacques and Malliavin, Paul},
     TITLE = {Factorisations de fonctions et de vecteurs ind\'{e}finiment
              diff\'{e}rentiables},
   JOURNAL = {Bull. Sci. Math. (2)},
  FJOURNAL = {Bulletin des Sciences Math\'{e}matiques. 2e S\'{e}rie},
    VOLUME = {102},
      YEAR = {1978},
    NUMBER = {4},
     PAGES = {307--330},
      ISSN = {0007-4497},
   MRCLASS = {22E30},
  MRNUMBER = {517765},
MRREVIEWER = {Mitsuo Sugiura},
}

@book {Fulton-Harris,
    AUTHOR = {Fulton, William and Harris, Joe},
     TITLE = {Representation theory},
    SERIES = {Graduate Texts in Mathematics},
    VOLUME = {129},
      NOTE = {A first course,
              Readings in Mathematics},
 PUBLISHER = {Springer-Verlag, New York},
      YEAR = {1991},
     PAGES = {xvi+551},
      ISBN = {0-387-97527-6; 0-387-97495-4},
   MRCLASS = {20G05 (17B10 20G20 22E46)},
  MRNUMBER = {1153249},
MRREVIEWER = {James E. Humphreys},
       DOI = {10.1007/978-1-4612-0979-9},
       URL = {https://doi.org/10.1007/978-1-4612-0979-9},
}

@unpublished{Gaitsgory-Lurie,
AUTHOR = {Gaitsgory, Dennis and Lurie, Jacob},
TITLE = {Weil's Conjecture for Function Fields},
URL = {https://www.math.ias.edu/~lurie/papers/tamagawa-abridged.pdf},
}

@misc{Gallier,
AUTHOR = {Gallier, Jan},
TITLE = {Notes on Spherical Harmonics and Linear Representations of {L}ie Groups},
URL = {http://www.cis.upenn.edu/\%7Ecis610/sharmonics.pdf},
}

@incollection {Godement-domaines-fondamentaux,
    AUTHOR = {Godement, Roger},
     TITLE = {Domaines fondamentaux des groupes arithm\'{e}tiques},
 BOOKTITLE = {S\'{e}minaire {B}ourbaki, {V}ol. 8},
     PAGES = {Exp. No. 257, 201--225},
 PUBLISHER = {Soc. Math. France, Paris},
      YEAR = {1995},
   MRCLASS = {22E55},
  MRNUMBER = {1611543},
}

@article {Gross-motive,
    AUTHOR = {Gross, Benedict H.},
     TITLE = {On the motive of a reductive group},
   JOURNAL = {Invent. Math.},
  FJOURNAL = {Inventiones Mathematicae},
    VOLUME = {130},
      YEAR = {1997},
    NUMBER = {2},
     PAGES = {287--313},
      ISSN = {0020-9910},
   MRCLASS = {20G35 (11G09 11G40 14F99 20G30)},
  MRNUMBER = {1474159},
MRREVIEWER = {Dipendra Prasad},
       DOI = {10.1007/s002220050186},
       URL = {https://doi.org/10.1007/s002220050186},
}

@article {Harder-Galoiskohomologie,
    AUTHOR = {Harder, G.},
     TITLE = {\"{U}ber die {G}aloiskohomologie halbeinfacher algebraischer
              {G}ruppen. {III}},
   JOURNAL = {J. Reine Angew. Math.},
  FJOURNAL = {Journal f\"{u}r die Reine und Angewandte Mathematik. [Crelle's
              Journal]},
    VOLUME = {274(275)},
      YEAR = {1975},
     PAGES = {125--138},
      ISSN = {0075-4102},
   MRCLASS = {20G40 (18H10)},
  MRNUMBER = {382469},
MRREVIEWER = {R. Steinberg},
       DOI = {10.1515/crll.1975.274-275.125},
       URL = {https://doi.org/10.1515/crll.1975.274-275.125},
}

@book {Humphreys-Lie,
    AUTHOR = {Humphreys, James E.},
     TITLE = {Introduction to {L}ie algebras and representation theory},
    SERIES = {Graduate Texts in Mathematics},
    VOLUME = {9},
      NOTE = {Second printing, revised},
 PUBLISHER = {Springer-Verlag, New York-Berlin},
      YEAR = {1978},
     PAGES = {xii+171},
      ISBN = {0-387-90053-5},
   MRCLASS = {17Bxx},
  MRNUMBER = {499562},
MRREVIEWER = {I. P. Shestakov},
}

@book {Humphreys-O,
    AUTHOR = {Humphreys, James E.},
     TITLE = {Representations of semisimple {L}ie algebras in the {BGG}
              category {$\mathcal{O}$}},
    SERIES = {Graduate Studies in Mathematics},
    VOLUME = {94},
 PUBLISHER = {American Mathematical Society, Providence, RI},
      YEAR = {2008},
     PAGES = {xvi+289},
      ISBN = {978-0-8218-4678-0},
   MRCLASS = {17B10},
  MRNUMBER = {2428237},
MRREVIEWER = {Serge M. Skryabin},
       DOI = {10.1090/gsm/094},
       URL = {https://doi.org/10.1090/gsm/094},
}

@book {Humphreys-reflection,
    AUTHOR = {Humphreys, James E.},
     TITLE = {Reflection groups and {C}oxeter groups},
    SERIES = {Cambridge Studies in Advanced Mathematics},
    VOLUME = {29},
 PUBLISHER = {Cambridge University Press, Cambridge},
      YEAR = {1990},
     PAGES = {xii+204},
      ISBN = {0-521-37510-X},
   MRCLASS = {20-02 (20F32 20F55 20G15 20H15)},
  MRNUMBER = {1066460},
MRREVIEWER = {Louis Solomon},
       DOI = {10.1017/CBO9780511623646},
       URL = {https://doi.org/10.1017/CBO9780511623646},
}

@book {Kirillov-Lie,
    AUTHOR = {Kirillov, Jr., Alexander},
     TITLE = {An introduction to {L}ie groups and {L}ie algebras},
    SERIES = {Cambridge Studies in Advanced Mathematics},
    VOLUME = {113},
 PUBLISHER = {Cambridge University Press, Cambridge},
      YEAR = {2008},
     PAGES = {xii+222},
      ISBN = {978-0-521-88969-8},
   MRCLASS = {22-01 (17-01 17Bxx 22Exx)},
  MRNUMBER = {2440737},
MRREVIEWER = {Erik Koelink},
       DOI = {10.1017/CBO9780511755156},
       URL = {https://doi.org/10.1017/CBO9780511755156},
}


@article {Kottwitz-cuspidal-tempered,
    AUTHOR = {Kottwitz, Robert E.},
     TITLE = {Stable trace formula: cuspidal tempered terms},
   JOURNAL = {Duke Math. J.},
  FJOURNAL = {Duke Mathematical Journal},
    VOLUME = {51},
      YEAR = {1984},
    NUMBER = {3},
     PAGES = {611--650},
      ISSN = {0012-7094},
   MRCLASS = {11R39 (11F70 11F72 22E55)},
  MRNUMBER = {757954},
MRREVIEWER = {Jean-Pierre Labesse},
       DOI = {10.1215/S0012-7094-84-05129-9},
       URL = {https://doi.org/10.1215/S0012-7094-84-05129-9},
}

@article {Kottwitz-Tamagawa,
    AUTHOR = {Kottwitz, Robert E.},
     TITLE = {Tamagawa numbers},
   JOURNAL = {Ann. of Math. (2)},
  FJOURNAL = {Annals of Mathematics. Second Series},
    VOLUME = {127},
      YEAR = {1988},
    NUMBER = {3},
     PAGES = {629--646},
      ISSN = {0003-486X},
   MRCLASS = {11F70 (11E72 22E55)},
  MRNUMBER = {942522},
MRREVIEWER = {Stephen Gelbart},
       DOI = {10.2307/2007007},
       URL = {https://doi.org/10.2307/2007007},
}

@book {LePotier,
    AUTHOR = {Le Potier, J.},
     TITLE = {Lectures on vector bundles},
    SERIES = {Cambridge Studies in Advanced Mathematics},
    VOLUME = {54},
      NOTE = {Translated by A. Maciocia},
 PUBLISHER = {Cambridge University Press, Cambridge},
      YEAR = {1997},
     PAGES = {viii+251},
      ISBN = {0-521-48182-1},
   MRCLASS = {14D20 (14H60 14J60)},
  MRNUMBER = {1428426},
MRREVIEWER = {I. Dolgachev},
}


@MISC {Mathoverflow,
    TITLE = {MathOverflow},
    NOTE = {URL:https://mathoverflow.net/q/ followed by the citation number.},
    URL = {https://mathoverflow.net/q/}
}

@article {Megrelishvili,
    AUTHOR = {Megrelishvili, Michael G.},
     TITLE = {Fragmentability and continuity of semigroup actions},
   JOURNAL = {Semigroup Forum},
  FJOURNAL = {Semigroup Forum},
    VOLUME = {57},
      YEAR = {1998},
    NUMBER = {1},
     PAGES = {101--126},
      ISSN = {0037-1912},
   MRCLASS = {54H15 (22A15 47D03)},
  MRNUMBER = {1621881},
       DOI = {10.1007/PL00005960},
       URL = {https://doi.org/10.1007/PL00005960},
}

@book {Megginson,
    AUTHOR = {Megginson, Robert E.},
     TITLE = {An introduction to {B}anach space theory},
    SERIES = {Graduate Texts in Mathematics},
    VOLUME = {183},
 PUBLISHER = {Springer-Verlag, New York},
      YEAR = {1998},
     PAGES = {xx+596},
      ISBN = {0-387-98431-3},
   MRCLASS = {46-01 (46Bxx 47-01)},
  MRNUMBER = {1650235},
MRREVIEWER = {Ehrhard Behrends},
       DOI = {10.1007/978-1-4612-0603-3},
       URL = {https://doi.org/10.1007/978-1-4612-0603-3},
}

@incollection {Milne-Shimura,
    AUTHOR = {Milne, J. S.},
     TITLE = {Introduction to {S}himura varieties},
 BOOKTITLE = {Harmonic analysis, the trace formula, and {S}himura varieties},
    SERIES = {Clay Math. Proc.},
    VOLUME = {4},
     PAGES = {265--378},
 PUBLISHER = {Amer. Math. Soc., Providence, RI},
      YEAR = {2005},
   MRCLASS = {11G18 (14G35)},
  MRNUMBER = {2192012},
MRREVIEWER = {Ulrich G\"{o}rtz},
}

@book {Milne-algebraic-groups,
    AUTHOR = {Milne, J. S.},
     TITLE = {Algebraic groups},
    SERIES = {Cambridge Studies in Advanced Mathematics},
    VOLUME = {170},
      NOTE = {The theory of group schemes of finite type over a field},
 PUBLISHER = {Cambridge University Press, Cambridge},
      YEAR = {2017},
     PAGES = {xvi+644},
      ISBN = {978-1-107-16748-3},
   MRCLASS = {14L15 (14-01 17B45 20-01 20G15)},
  MRNUMBER = {3729270},
MRREVIEWER = {Boris \`E. Kunyavski\u{\i}},
       DOI = {10.1017/9781316711736},
       URL = {https://doi.org/10.1017/9781316711736},
}

@misc{Milne-AGS,
AUTHOR = {Milne, J.S.},
TITLE = {Basic Theory of Affine Group Schemes},
EDITION = {1.00},
YEAR = {March 11, 2012},
}

@article {Mostow-Tamagawa,
    AUTHOR = {Mostow, G. D. and Tamagawa, T.},
     TITLE = {On the compactness of arithmetically defined homogeneous
              spaces},
   JOURNAL = {Ann. of Math. (2)},
  FJOURNAL = {Annals of Mathematics. Second Series},
    VOLUME = {76},
      YEAR = {1962},
     PAGES = {446--463},
      ISSN = {0003-486X},
   MRCLASS = {22.55 (20.65)},
  MRNUMBER = {141672},
MRREVIEWER = {T. Ono},
       DOI = {10.2307/1970368},
       URL = {https://doi.org/10.2307/1970368},
}

@article {Oesterle-Tamagawa,
    AUTHOR = {Oesterl\'{e}, Joseph},
     TITLE = {Nombres de {T}amagawa et groupes unipotents en caract\'{e}ristique
              {$p$}},
   JOURNAL = {Invent. Math.},
  FJOURNAL = {Inventiones Mathematicae},
    VOLUME = {78},
      YEAR = {1984},
    NUMBER = {1},
     PAGES = {13--88},
      ISSN = {0020-9910},
   MRCLASS = {11E72 (20G35)},
  MRNUMBER = {762353},
MRREVIEWER = {T. Ono},
       DOI = {10.1007/BF01388714},
       URL = {https://doi.org/10.1007/BF01388714},
}

@book {OMeara,
    AUTHOR = {O'Meara, O. T.},
     TITLE = {Introduction to quadratic forms},
      NOTE = {Second printing, corrected,
              Die Grundlehren der mathematischen Wissenschaften, Band 117},
 PUBLISHER = {Springer-Verlag, New York-Heidelberg},
      YEAR = {1971},
     PAGES = {xi+342},
   MRCLASS = {12-XX (10CXX 15-XX 20GXX)},
  MRNUMBER = {0347768},
}

@article {Ono-relative-Tamagawa,
    AUTHOR = {Ono, Takashi},
     TITLE = {On the relative theory of {T}amagawa numbers},
   JOURNAL = {Ann. of Math. (2)},
  FJOURNAL = {Annals of Mathematics. Second Series},
    VOLUME = {82},
      YEAR = {1965},
     PAGES = {88--111},
      ISSN = {0003-486X},
   MRCLASS = {10.25 (14.50)},
  MRNUMBER = {177991},
MRREVIEWER = {Andr\'{e} Weil},
       DOI = {10.2307/1970563},
       URL = {https://doi.org/10.2307/1970563},
}
	
@incollection {Paradan,
    AUTHOR = {Paradan, Paul-\'{E}mile},
     TITLE = {Symmetric spaces of the non-compact type: {L}ie groups},
 BOOKTITLE = {G\'{e}om\'{e}tries \`a courbure n\'{e}gative ou nulle, groupes discrets et
              rigidit\'{e}s},
    SERIES = {S\'{e}min. Congr.},
    VOLUME = {18},
     PAGES = {39--76},
 PUBLISHER = {Soc. Math. France, Paris},
      YEAR = {2009},
   MRCLASS = {53C35 (22E15 43A85 57S20)},
  MRNUMBER = {2655309},
MRREVIEWER = {Andrea Santi},
}

@book {Platonov-Rapinchuk,
    AUTHOR = {Platonov, Vladimir and Rapinchuk, Andrei},
     TITLE = {Algebraic groups and number theory},
    SERIES = {Pure and Applied Mathematics},
    VOLUME = {139},
      NOTE = {Translated from the 1991 Russian original by Rachel Rowen},
 PUBLISHER = {Academic Press, Inc., Boston, MA},
      YEAR = {1994},
     PAGES = {xii+614},
      ISBN = {0-12-558180-7},
   MRCLASS = {11E57 (11-02 20Gxx)},
  MRNUMBER = {1278263},
}

@article {Rosenlicht-quotient-varieties,
    AUTHOR = {Rosenlicht, Maxwell},
     TITLE = {On quotient varieties and the affine embedding of certain
              homogeneous spaces},
   JOURNAL = {Trans. Amer. Math. Soc.},
  FJOURNAL = {Transactions of the American Mathematical Society},
    VOLUME = {101},
      YEAR = {1961},
     PAGES = {211--223},
      ISSN = {0002-9947},
   MRCLASS = {14.50},
  MRNUMBER = {130878},
MRREVIEWER = {A. Borel},
       DOI = {10.2307/1993371},
       URL = {https://doi.org/10.2307/1993371},
}

@book {Rudin,
    AUTHOR = {Rudin, Walter},
     TITLE = {Functional analysis},
    SERIES = {International Series in Pure and Applied Mathematics},
   EDITION = {Second},
 PUBLISHER = {McGraw-Hill, Inc., New York},
      YEAR = {1991},
     PAGES = {xviii+424},
      ISBN = {0-07-054236-8},
   MRCLASS = {46-01 (47-01)},
  MRNUMBER = {1157815},
}

@misc {Rumynin,
AUTHOR = {Dmitriy Rumynin},
TITLE = {Modular {L}ie Algebras},
NOTE = {Notes},
URL = {http://homepages.warwick.ac.uk/\%7Emasdf/modular/ln_11mar.pdf},
}

@incollection {Sakellaridis-beyond1,
    AUTHOR = {Sakellaridis, Yiannis},
     TITLE = {Beyond endoscopy for the relative trace formula {I}: {L}ocal
              theory},
 BOOKTITLE = {Automorphic representations and {$L$}-functions},
    SERIES = {Tata Inst. Fundam. Res. Stud. Math.},
    VOLUME = {22},
     PAGES = {521--590},
 PUBLISHER = {Tata Inst. Fund. Res., Mumbai},
      YEAR = {2013},
   MRCLASS = {11F72 (11F30 11F67 22E50)},
  MRNUMBER = {3156863},
MRREVIEWER = {Anton Deitmar},
}

@article {Sakellaridis-stacks,
    AUTHOR = {Sakellaridis, Yiannis},
     TITLE = {The {S}chwartz space of a smooth semi-algebraic stack},
   JOURNAL = {Selecta Math. (N.S.)},
  FJOURNAL = {Selecta Mathematica. New Series},
    VOLUME = {22},
      YEAR = {2016},
    NUMBER = {4},
     PAGES = {2401--2490},
      ISSN = {1022-1824},
   MRCLASS = {14A20 (11F70 14D24 14P20)},
  MRNUMBER = {3573962},
MRREVIEWER = {Julien Sebag},
       DOI = {10.1007/s00029-016-0285-3},
       URL = {https://doi.org/10.1007/s00029-016-0285-3},
}

@article {Sakellaridis-Venkatesh,
    AUTHOR = {Sakellaridis, Yiannis and Venkatesh, Akshay},
     TITLE = {Periods and harmonic analysis on spherical varieties},
   JOURNAL = {Ast\'{e}risque},
  FJOURNAL = {Ast\'{e}risque},
    NUMBER = {396},
      YEAR = {2017},
     PAGES = {viii+360},
      ISSN = {0303-1179},
      ISBN = {978-2-85629-871-8},
   MRCLASS = {22E50 (11F67)},
  MRNUMBER = {3764130},
}

@article {Sansuc-Brauer,
    AUTHOR = {Sansuc, J.-J.},
     TITLE = {Groupe de {B}rauer et arithm\'{e}tique des groupes alg\'{e}briques
              lin\'{e}aires sur un corps de nombres},
   JOURNAL = {J. Reine Angew. Math.},
  FJOURNAL = {Journal f\"{u}r die Reine und Angewandte Mathematik. [Crelle's
              Journal]},
    VOLUME = {327},
      YEAR = {1981},
     PAGES = {12--80},
      ISSN = {0075-4102},
   MRCLASS = {12G05 (10C30 14G25 20G30 20G35)},
  MRNUMBER = {631309},
MRREVIEWER = {David Goss},
       DOI = {10.1515/crll.1981.327.12},
       URL = {https://doi.org/10.1515/crll.1981.327.12},
}

@book {Serre-arithmetic,
    AUTHOR = {Serre, J.-P.},
     TITLE = {A course in arithmetic},
      NOTE = {Translated from the French,
              Graduate Texts in Mathematics, No. 7},
 PUBLISHER = {Springer-Verlag, New York-Heidelberg},
      YEAR = {1973},
     PAGES = {viii+115},
   MRCLASS = {12-02 (10CXX 10DXX)},
  MRNUMBER = {0344216},
}

@book {Serre-Lie,
    AUTHOR = {Serre, Jean-Pierre},
     TITLE = {Lie algebras and {L}ie groups},
    SERIES = {Lectures given at Harvard University},
    VOLUME = {1964},
 PUBLISHER = {W. A. Benjamin, Inc., New York-Amsterdam},
      YEAR = {1965},
     PAGES = {vi+247 pp. (not consecutively paged)},
   MRCLASS = {22.80 (14.00)},
  MRNUMBER = {0218496},
}

@inproceedings {Springer-Corvallis,
    AUTHOR = {Springer, T. A.},
     TITLE = {Reductive groups},
 BOOKTITLE = {Automorphic forms, representations and {$L$}-functions
              ({P}roc. {S}ympos. {P}ure {M}ath., {O}regon {S}tate {U}niv.,
              {C}orvallis, {O}re., 1977), {P}art 1},
    SERIES = {Proc. Sympos. Pure Math., XXXIII},
     PAGES = {3--27},
 PUBLISHER = {Amer. Math. Soc., Providence, R.I.},
      YEAR = {1979},
   MRCLASS = {20G15 (22E15)},
  MRNUMBER = {546587},
}

@incollection {Springer-reduction-theory,
    AUTHOR = {Springer, T. A.},
     TITLE = {Reduction theory over global fields},
      NOTE = {K. G. Ramanathan memorial issue},
   JOURNAL = {Proc. Indian Acad. Sci. Math. Sci.},
  FJOURNAL = {Indian Academy of Sciences. Proceedings. Mathematical
              Sciences},
    VOLUME = {104},
      YEAR = {1994},
    NUMBER = {1},
     PAGES = {207--216},
      ISSN = {0253-4142},
   MRCLASS = {11E57 (20G30)},
  MRNUMBER = {1280068},
MRREVIEWER = {Jasbir Singh Chahal},
       DOI = {10.1007/BF02830884},
       URL = {https://doi.org/10.1007/BF02830884},
}

@misc{stacks-project,
  author       = {The {Stacks project authors}},
  title        = {The {S}tacks project},
  url          = {https://stacks.math.columbia.edu},
  year         = {2019},
}

@book {Steinberg-endomorphism,
    AUTHOR = {Steinberg, Robert},
     TITLE = {Endomorphisms of linear algebraic groups},
    SERIES = {Memoirs of the American Mathematical Society, No. 80},
 PUBLISHER = {American Mathematical Society, Providence, R.I.},
      YEAR = {1968},
     PAGES = {108},
   MRCLASS = {14.50 (22.00)},
  MRNUMBER = {0230728},
MRREVIEWER = {E. Abe},
}

@book{Sternberg,
  author       = {Sternberg, Shlomo},
  title        = {Lie Algebras},
  publisher    = {Orange Grove Texts Plus},
  isbn         = {9781616100520},
  url          = {http://www.math.harvard.edu/\%7Eshlomo/docs/lie_algebras.pdf},
  year         = {2009},
}

@inproceedings {Tate-Corvallis,
    AUTHOR = {Tate, J.},
     TITLE = {Number theoretic background},
 BOOKTITLE = {Automorphic forms, representations and {$L$}-functions
              ({P}roc. {S}ympos. {P}ure {M}ath., {O}regon {S}tate {U}niv.,
              {C}orvallis, {O}re., 1977), {P}art 2},
    SERIES = {Proc. Sympos. Pure Math., XXXIII},
     PAGES = {3--26},
 PUBLISHER = {Amer. Math. Soc., Providence, R.I.},
      YEAR = {1979},
   MRCLASS = {12A67},
  MRNUMBER = {546607},
MRREVIEWER = {A. I. Vinogradov},
}

@book {Wallach-RR1,
    AUTHOR = {Wallach, Nolan R.},
     TITLE = {Real reductive groups. {I}},
    SERIES = {Pure and Applied Mathematics},
    VOLUME = {132},
 PUBLISHER = {Academic Press, Inc., Boston, MA},
      YEAR = {1988},
     PAGES = {xx+412},
      ISBN = {0-12-732960-9},
   MRCLASS = {22E46 (17B10 22-02 22E30)},
  MRNUMBER = {929683},
MRREVIEWER = {Roberto J. Miatello},
}

@book {Wallach-RR2,
    AUTHOR = {Wallach, Nolan R.},
     TITLE = {Real reductive groups. {II}},
    SERIES = {Pure and Applied Mathematics},
    VOLUME = {132},
 PUBLISHER = {Academic Press, Inc., Boston, MA},
      YEAR = {1992},
     PAGES = {xiv+454},
      ISBN = {0-12-732961-7},
   MRCLASS = {22E46 (22D25 22E30 46L99)},
  MRNUMBER = {1170566},
MRREVIEWER = {Jorge A. Vargas},
}

@book {Weil-adeles,
    AUTHOR = {Weil, Andr\'{e}},
     TITLE = {Adeles and algebraic groups},
    SERIES = {Progress in Mathematics},
    VOLUME = {23},
      NOTE = {With appendices by M. Demazure and Takashi Ono},
 PUBLISHER = {Birkh\"{a}user, Boston, Mass.},
      YEAR = {1982},
     PAGES = {iii+126},
      ISBN = {3-7643-3092-9},
   MRCLASS = {10C30 (12A82 12A85 20G35)},
  MRNUMBER = {670072},
MRREVIEWER = {K. F. Lai},
}

@article {Zucker-L2,
    AUTHOR = {Zucker, Steven},
     TITLE = {{$L_{2}$} cohomology of warped products and arithmetic
              groups},
   JOURNAL = {Invent. Math.},
  FJOURNAL = {Inventiones Mathematicae},
    VOLUME = {70},
      YEAR = {1982/83},
    NUMBER = {2},
     PAGES = {169--218},
      ISSN = {0020-9910},
   MRCLASS = {32M15 (11F75 22E40)},
  MRNUMBER = {684171},
MRREVIEWER = {O. V. Shvartsman},
       DOI = {10.1007/BF01390727},
       URL = {https://doi.org/10.1007/BF01390727},
}

@misc{reference,
  author       = {Someone},
  title        = {Generic reference},
}
